3259 5250
342 532 377 581 r.
401 532 494 581 nrvrr
519 530 620 581 rrrsr.
643 532 714 582 urs.
737 534 774 581 v.
795 523 880 586 oie.
901 520 957 586 52.
1105 464 1192 589 usit

98 673 260 739 adplieilss
275 676 363 725 uestris
384 676 459 727 Leid.
476 680 500 726 l.
523 676 581 741 quid
598 676 628 727 de
664 676 875 729 oleoruniuisse.
908 678 1192 746 Disputsutslrldoeti,

99 752 348 816 neiulltibssuestris
355 753 430 804 lieri.
440 759 463 804 l.
479 756 536 819 quid
545 756 574 804 dr
584 770 627 803 os·
664 768 712 802 eur
723 754 848 805 Romulus
859 756 895 806 lbi
906 758 1079 808 sacerdotium
1098 758 1192 809 sslisre

98 829 185 879 ollibus
202 829 293 879 sostris
314 829 426 880 Beernii
446 831 533 883 Oxou·
552 830 581 880 l..
604 833 627 878 1.
664 830 805 882 eontulisse
824 832 935 884 diostnr.
968 834 1004 885 Ei
1022 835 1193 899 suspiceturd

98 906 420 970 esiddentldibssrsostris
428 908 524 957 Loud.
538 908 628 958 sostris
663 904 759 957 edroiu
776 908 862 961 Dintr.
873 910 944 979 Udini.
957 926 982 961 o.
993 915 1035 963 ou.
1051 912 1192 978 elegentis-

99 983 178 1033 etisus
192 984 258 1034 Lus.
269 986 295 1033 1.
312 984 358 1047 qui
369 984 544 1049 insuperqsod
556 983 627 1047 legit,
664 983 730 1033 sime
746 982 800 1034 diei
815 984 849 1035 de
868 986 986 1050 Quirino,
1003 1003 1061 1039 eum
1080 989 1193 1041 bonores

100 1074 148 1123 uro
157 1058 226 1123 Μ.
250 1059 311 1110 Nun
322 1061 379 1109 elue
390 1074 483 1110 euurss
492 1060 628 1125 Doujstius
664 1058 784 1111 conferre
793 1062 860 1125 petri
872 1076 918 1113 uuo
929 1070 1053 1116 ssuretos.
1068 1066 1120 1116 ded
1129 1054 1193 1130 q⁸oid

99 1136 205 1199 quierit.
216 1148 265 1185 enr
275 1135 371 1185 suellis
382 1134 414 1185 sd
427 1136 563 1186 Romulum
572 1138 626 1189 sire
665 1135 687 1186 ul
698 1136 822 1200 dicemus,
835 1140 940 1204 proprie
950 1139 1060 1205 intelllgi
1072 1143 1194 1193 ssoerdo·
1304 1126 1309 1137 ²

99 1212 239 1262 Quirinum
250 1210 406 1273 referentur,
416 1226 525 1278 quorum
536 1228 595 1263 usus
611 1227 628 1265 u
665 1212 729 1264 tium
741 1214 797 1263 sslli
809 1215 963 1279 nutrimur,
978 1230 1011 1266 ex
1023 1219 1194 1283 quorumdum

100 1288 206 1339 Numei
221 1288 327 1353 eom'ieit
350 1296 448 1353 sutem,
465 1288 535 1340 i'orte
553 1304 628 1341 esus·
665 1289 787 1354 opinione
795 1292 905 1343 Quirino
912 1295 1060 1343 sscrstoml
1071 1310 1149 1359 quum
1160 1310 1194 1347 ox

98 1379 152 1414 seru
164 1378 232 1422 esse,
246 1364 308 1430 quis
318 1364 440 1415 Romulus
450 1364 587 1415 bellioosus
598 1372 628 1417 et
664 1366 714 1417 lroo
725 1368 783 1417 loeo
795 1374 895 1433 ueteri,
911 1370 1005 1421 suellis
1023 1384 1074 1420 uosr
1091 1380 1193 1423 tuntum

99 1442 189 1493 lisrte
202 1442 315 1506 genitus.
340 1441 401 1492 Nou
411 1442 494 1493 bsbeu
506 1443 627 1508 certiore,
664 1444 759 1494 bisrtis
769 1445 943 1510 Grsdivi,sed
952 1453 980 1497 et
988 1447 1090 1499 Quirini
1103 1446 1194 1499 fuisse.

100 1533 157 1583 qun
167 1519 196 1567 iu
205 1518 316 1568 medium
329 1516 461 1569 sdlerums
479 1518 576 1583 eliquid
588 1526 626 1569 ts·
664 1520 762 1571 bosom
773 1520 852 1573 stolii
863 1523 896 1573 de
905 1524 977 1574 Solio
987 1523 1115 1577 Quiriusll
1124 1526 1193 1576 scel·

99 1608 159 1643 nen
169 1594 327 1658 uoojeotoris
344 1594 493 1658 indulgebo.
525 1595 626 1647 Merno-
664 1595 786 1657 piendum
795 1611 862 1659 esse,
876 1598 931 1663 jum
951 1598 1193 1652 Gerustiusdoeull

101 1671 190 1720 rsbilis
204 1679 246 1721 ert
263 1672 314 1723 lise
331 1670 358 1720 iu
375 1686 404 1721 re
415 1672 486 1723 loeus
498 1672 582 1723 Servii
593 1672 627 1723 sd
664 1672 781 1723 lection.
793 1674 890 1741 Pupio.
903 1690 929 1727 v·
940 1680 965 1727 ll.
977 1676 1103 1741 probsute
1115 1676 1194 1729 etism

101 1748 261 1813 virgibdin.
272 1763 340 1800 vrrs.
349 1750 407 1797 285.
423 1749 499 1800 ‘Duo
511 1756 571 1800 ssnt
582 1763 626 1814 ge·
664 1746 785 1799 Brrtlrio.

101 1839 163 1876 sere
185 1826 327 1883 Saliorum,
347 1827 417 1876 siout
438 1827 464 1876 in
485 1826 627 1878 dullurlbus
697 1824 852 1877 Herennio
867 1827 893 1877 iss
907 1827 1007 1893 proferro
1025 1830 1104 1880 deseri
1115 1830 1194 1894 ploret

102 1902 257 1953 carminibus
267 1901 408 1964 iuvenitur,
419 1902 512 1953 Colliul
526 1910 554 1953 et
564 1904 628 1957 Qui·
664 1915 740 1964 soors,
750 1904 852 1967 amulio
865 1902 936 1969 Urbi,
946 1906 1053 1969 qsoedm
1068 1904 1141 1956 elisus
1154 1920 1195 1956 es-

101 1978 232 2039 riualem
243 1978 330 2029 Nums
340 1978 465 2043 instituti,
473 1980 506 2030 ub
515 1980 628 2031 Hostilio
665 1978 777 2043 tutiora]
786 1980 854 2029 Pali.
862 1978 913 2029 duo
924 1996 992 2045 aoso
1002 1982 1050 2031 ulio
1058 1982 1122 2044 urbi,
1130 1996 1194 2045 qsa-

102 2068 162 2105 rero
186 2054 292 2105 Perorii
319 2063 346 2105 et
369 2056 477 2107 Pellurii
498 2056 631 2109 instituti!
665 2054 721 2103 dost
739 2054 878 2106 uetustiora·
895 2054 981 2107 Gebb.
1021 2056 1053 2107 is
1073 2058 1194 2121 pupione

102 2131 226 2183 Quemvis
235 2140 323 2182 eutem
331 2131 394 2182 uulll
404 2130 571 2184 iueriutdnlii
579 2135 629 2185 Ps-
665 2131 755 2180 deseri
766 2130 837 2182 Her.
862 2132 890 2181 iss
898 2132 998 2195 urosmo
1005 2134 1109 2197 proferri
1120 2135 1195 2185 Leid.

103 2210 166 2259 rorii
177 2216 207 2259 et
218 2208 337 2267 Pullorii‚
345 2209 392 2259 sed
404 2210 480 2261 uuiee
489 2224 534 2261 eos
544 2210 631 2261 Serri·
666 2210 692 2257 1.
708 2216 737 2257 et
749 2207 812 2258 bos.
822 2212 846 2258 1.
879 2209 980 2259 Deinde
990 2224 1041 2260 ror
1051 2226 1120 2261 ruore
1130 2211 1195 2263 deli·

102 2299 141 2347 us,
152 2286 195 2335 rel
206 2286 315 2351 lsqnem
326 2286 452 2349 sequitur,
463 2275 582 2337 'lssusisse
593 2286 630 2337 rl·
665 2283 703 2333 ult
711 2284 738 2333 in
746 2285 811 2337 Lus.
823 2290 848 2335 2.
873 2286 939 2336 Turn
950 2292 975 2337 el
985 2302 1054 2351 aquo
1065 2290 1114 2338 uliu
1123 2302 1193 2339 suero

93 2362 198 2421 ,deutur
212 2377 246 2412 ex
259 2363 325 2413 nssle
341 2362 630 2414 intellectislsiriiser·
666 2358 763 2413 Luni.
790 2377 859 2413 suoru
870 2364 995 2427 aeqssdis
1012 2363 1066 2414 srds'
1083 2366 1159 2415 Voss.
1168 2370 1195 2416 1.

103 2438 151 2502 bis,
160 2452 219 2506 qun
231 2446 337 2489 exstent
348 2442 417 2489 nil.
435 2447 465 2490 ut
475 2439 507 2488 sd
522 2454 581 2489 esus
592 2440 629 2489 lo·
666 2437 744 2489 Iaeld·
767 2443 791 2489 1.
816 2440 882 2491 Lor.
911 2446 935 2491 1.
957 2446 981 2490 5.
1003 2440 1081 2491 Hsrl.
1108 2442 1194 2506 umbo,
1242 2502 1245 2508 Ι

103 2531 159 2567 eum
179 2517 279 2567 dictum
297 2523 355 2577 est3
372 2516 474 2581 reperio
490 2522 577 2567 temen
593 2514 630 2567 ibi
665 2512 774 2563 Gsertu.
785 2513 861 2565 Purt.
872 2522 899 2565 et
909 2514 1003 2581 fragm.
1014 2516 1084 2566 Her.
1108 2517 1194 2569 Quum

103 2600 259 2646 nemontus
276 2593 371 2645 ‘sullus
387 2594 551 2658 Quirinsles,’
567 2587 631 2660 quu'·
665 2589 817 2655 lectionem,
837 2593 953 2659 quumvis
968 2599 1021 2644 ¹tot
1041 2592 1192 2644 tihioluibur

103 2670 291 2722 meliblrln
306 2672 404 2721 mentio
419 2671 544 2722 obcurrit.
576 2672 631 2723 Per
665 2663 770 2730 fultum,
784 2675 901 2720 sttsuruu
923 2677 1097 2720 commentum
1116 2670 1194 2721 libre·

103 2761 146 2798 eos
156 2746 341 2810 intelligendos
352 2747 483 2798 existimat
497 2749 585 2801 Valeo.
596 2749 629 2801 sd
666 2743 761 2794 riorum
772 2758 831 2796 esse
843 2754 915 2809 puto,
931 2746 975 2811 qui
993 2747 1030 2796 its
1041 2745 1145 2797 dedisse
1157 2746 1195 2796 sl·

104 2823 235 2889 Excerpts
246 2824 365 2874 Peireee.
376 2827 470 2889 p-ddll.
482 2823 560 2874 sslloe
571 2825 630 2876 col-
666 2817 772 2886 deutur,
793 2821 863 2886 quod
882 2837 943 2872 mox
962 2829 1087 2888 sequetur
1106 2823 1196 2888 ‘quee-

103 2899 167 2951 linos
177 2901 236 2950 sire
246 2898 388 2962 Agonsles,
399 2900 499 2950 eTullo
515 2901 630 2951 Hostilio
665 2893 726 2945 dum
741 2897 821 2948 etium
834 2901 979 2950 vetustiore
989 2898 1088 2962 origine
1105 2897 1195 2951 urbis!

105 2986 177 3028 votos
188 2985 218 3027 et
236 2977 404 3039 mussitans,
417 2991 482 3042 quos
497 2978 534 3027 ltu
545 2976 634 3029 dietos‘
664 2973 761 3022 Verum
782 2973 851 3038 ipsos
872 2989 923 3024 uou
942 2974 1101 3025 intellexisse
1120 2981 1195 3040 petel

105 3061 203 3119 mr,
220 3052 339 3120 eoquod
359 3055 387 3104 in
405 3052 473 3104 colle
493 3053 630 3112 Quirinali,
665 3046 773 3099 delicies
799 3051 921 3102 Liriuuus
951 3059 979 3103 et
1000 3051 1114 3102 indolem
1141 3053 1195 3103 otili

104 3130 324 3196 qnietdguuslis
338 3129 568 3195 diutusest,ssers
585 3132 630 3182 lss·
665 3125 732 3191 ejus·
765 3128 1022 3194 Nsmsocruoeqrruliu
1039 3129 1111 3187 Urbi.
1128 3145 1193 3194 qro-

104 3205 207 3258 bebsut.
241 3207 424 3258 videreretur
437 3207 630 3273 roee‘Agoni·
664 3205 943 3257 donelimuelrrsts'oro
954 3207 1046 3270 origiue
1060 3206 1134 3257 Urbis
1150 3219 1195 3256 eu·

104 3285 164 3345 um,'
179 3292 208 3336 et
229 3283 256 3334 iu
280 3297 343 3334 suee
357 3284 519 3337 ‘Quirinalis
538 3283 631 3338 collis!
665 3279 726 3330 dem
738 3283 858 3346 exemplo
869 3283 965 3334 dietum
978 3289 1087 3348 est,quo
1098 3287 1105 3310 ¹
1117 3281 1194 3345 sirgls

106 3360 172 3412 Quid
190 3373 255 3425 ergo
273 3359 295 3409 si
311 3359 437 3424 diosusus,
454 3361 531 3411 elium
551 3362 630 3412 erlem
666 3356 744 3418 oedl,
755 3357 799 3406 slii
811 3358 895 3410 securi
906 3356 1016 3423 subjiui'
1034 3372 1077 3409 ιιι.
1089 3363 1130 3409 ut.
1143 3361 1157 3424 l
1169 3362 1195 3409 d.

105 3437 247 3489 obtinuisse
260 3437 322 3487 olim
339 3437 488 3500 opinionem
498 3437 567 3501 eund
579 3438 631 3487 ilo·
666 3433 700 3484 sd
711 3447 787 3497 quern
798 3434 883 3486 locum
905 3435 1008 3486 erudite
1027 3449 1084 3485 esur
1102 3435 1194 3486 leutio·
1271 3449 1276 3460 ·

105 3527 200 3572 mos.
222 3527 269 3564 eos
290 3513 438 3565 Quidusles
456 3512 541 3564 dirtos
562 3527 632 3576 esse,
666 3523 725 3559 nem
735 3507 822 3560 firmat
833 3510 991 3562 Gronovius.
1024 3511 1195 3574 Moxeiqsoe·

105 3590 372 3655 quonuiriuossori
385 3589 491 3639 eeuentl
508 3590 631 3654 quemsd-
665 3587 722 3635 drus
746 3585 885 3642 utsstioro,
922 3585 1012 3638 sddits
1037 3587 1194 3652 eupolutiru,

105 3667 205 3717 modun
223 3665 349 3728 Pslstini,
368 3678 383 3715 s
404 3663 489 3715 Nums
507 3665 630 3723 instituti,
665 3662 731 3713 lor.
747 3667 773 3714 2.

105 3741 195 3806 bireti,
207 3742 263 3795 sire
273 3741 353 3791 bierti
365 3747 393 3792 et
403 3739 523 3802 Herculi,
534 3749 562 3790 ut
574 3741 630 3793 ullis
698 3740 739 3804 §tl
753 3739 847 3797 Videte,
864 3738 922 3804 quid
937 3737 1003 3788 ieter
1018 3753 1061 3788 rsos
1078 3753 1106 3789 uo
1121 3738 1194 3800 ssujs-

106 3818 200 3881 ulsoer,
215 3818 282 3868 esuri
293 3816 409 3868 fuerunt·
439 3818 474 3868 Ei
491 3817 559 3868 irene
569 3832 630 3867 cou-
665 3830 706 3866 rer
715 3816 823 3881 minut]
836 3817 927 3866 Scribe
941 3816 974 3865 El
983 3816 1071 3877 uidete,
1082 3816 1139 3880 qnid
1156 3818 1194 3866 irs·

101 3893 230 3957 jeetsrsm
241 3893 346 3944 ridetur
355 3893 459 3946 rirmsre
469 3894 541 3944 loeus
552 3895 629 3944 studi
667 3898 705 3943 ter
714 3906 757 3941 sos
766 3907 795 3940 oc
804 3891 906 3952 ssujms
914 3889 1018 3941 interrit.
1030 3889 1116 3941 Rbeu.
1133 3892 1195 3944 vet.

107 3970 170 4022 diis.
186 3987 211 4023 s.
228 3977 255 4021 ὅ.
272 3975 327 4023 lte.
343 3970 543 4022 ‘Monstrubuut
559 3970 631 4021 scies
666 3968 711 4019 lib.
721 3984 750 4018 oe
760 3966 860 4029 sonjons
877 3973 970 4017 sorlros
981 3967 1088 4017 letorii.
1104 3967 1196 4030 Sigon.

106 4043 210 4096 bisrors
232 4045 378 4110 Actaeone
406 4047 489 4110 uirgo,
510 4045 630 4096 Flectere
666 4045 703 4094 Er
725 4045 803 4094 ridete
819 4057 871 4094 uon
888 4043 966 4094 modu
987 4043 1087 4094 lrsbeut
1103 4057 1194 4096 omues

106 4121 197 4174 cistor
206 4138 300 4189 equor,
317 4123 429 4172 busseris
440 4130 549 4187 quatere
560 4135 631 4171 srrus
666 4120 743 4172 eodd.
755 4133 820 4186 quoe
831 4119 947 4183 adhibui,
958 4119 1003 4170 sed
1016 4126 1044 4169 et
1056 4124 1122 4169 sett.
1134 4117 1196 4169 edd.

106 4197 238 4262 Quirinus,
256 4201 309 4254 Oui
326 4199 374 4250 tibi
393 4206 447 4250 ism
461 4205 552 4249 tenero
571 4212 631 4262 per·
666 4209 748 4262 usque
767 4194 800 4245 sd
822 4193 928 4257 Aldum,
946 4195 988 4258 qui
1008 4192 1145 4259 primusrl
1159 4195 1194 4244 Er

105 4275 177 4326 misit
192 4276 318 4341 plsudere
335 4277 403 4326 eollo
422 4274 631 4340 Nubigeuseuli·
667 4273 761 4338 omisit,
778 4278 807 4323 et
824 4285 922 4337 psucos
941 4271 1041 4336 babuit,
1062 4272 1105 4338 qui
1127 4286 1194 4335 uru-

108 4352 340 4416 marmoreum
358 4351 475 4402 oedibus
492 4349 570 4402 rerut’
585 4352 631 4403 ubi
668 4357 773 4401 euntem
791 4355 982 4416 ‚sequererne
1025 4349 1165 4409 Pretereu
1184 4353 1196 4398 i

107 4425 212 4484 isdieet.
229 4428 378 4494 Crispinum
390 4443 405 4478 s
415 4427 525 4479 Romulo
534 4427 631 4478 bellum
668 4434 768 4493 demes,
786 4441 834 4492 pro
852 4429 915 4478 ister
932 4441 984 4491 sor,
1000 4425 1111 4490 pessime
1125 4423 1194 4476 lite.

169 4509 257 4572 Mul.
271 4518 298 4562 et
310 4509 370 4562 Ver-
380 4511 446 4561 ctus·
602 4509 698 4562 ibus
1059 4511 1092 4557 11
1110 4506 1131 4556 1«
