3259 5250
368 558 404 608 r.
427 555 523 608 ιιιιι
546 551 646 606 ιιιιτ.
670 553 746 605 ιιι.
770 555 822 606 vr.
844 555 928 606 onr.
947 537 981 606 8.
1128 538 1218 608 7893

119 702 165 752 led
183 701 256 752 stiesn
271 701 304 752 od
320 699 485 764 subsidiarios]
503 699 562 750 vox
579 697 653 750 artur
688 697 757 764 epnrl
776 697 873 750 lustin.
891 713 933 751 ιι.
951 703 978 752 2.
998 698 1146 751 ‘Morebst
1162 700 1218 752 iren

123 777 217 830 delicit
236 779 262 829 in
285 779 385 829 Lontl.
405 779 477 828 lieri.
491 781 515 828 2.
535 779 609 828 Port.
624 782 652 826 ct
688 774 827 826 multitudo
844 776 954 826 hostiurn
969 785 1091 842 respectu
1103 778 1220 843 pauclss-

122 853 194 906 Her.
235 852 307 903 Alibi
323 855 358 904 its
373 853 474 904 Lirinus
494 860 523 903 et
540 853 651 918 optimos
689 850 787 901 tissne
797 851 994 902 Alexandrum?

122 930 469 996 quosqucscriptoresloqui
484 931 653 991 solitorum,
721 929 801 992 Ipsies
821 931 918 980 cnsuiiii
935 931 1003 992 sorte
1022 930 1101 981 oiiute
1118 928 1219 996 operies]

123 1007 237 1056 vidimus
253 1007 285 1056 sd
304 1020 334 1056 ιι.
353 1012 377 1057 d.
395 1009 446 1073 §10
478 1005 514 1056 Et
530 1005 569 1056 ite
584 1020 653 1068 mox,
689 1005 760 1057 Sorte
771 1006 851 1056 riiutc
862 1008 938 1058 Voss.
949 1011 974 1058 2.
986 1016 1012 1058 et
1024 1009 1088 1058 Lor.
1100 1013 1125 1058 3.
1151 1007 1219 1056 Vide

122 1081 205 1131 ‘Neo
222 1082 260 1131 ris
277 1088 375 1132 rentum
394 1083 503 1132 militnm
522 1081 652 1143 movebat,
688 1083 721 1134 ud
733 1087 848 1150 r.l.§t·
864 1091 893 1135 et
909 1084 942 1136 sd
959 1088 1137 1136 munnro.
1152 1086 1220 1150 §lm

124 1156 174 1206 red
185 1155 253 1222 quod
263 1157 414 1207 Volscorurn
427 1156 518 1206 eninrls
529 1155 590 1206 nihil
600 1161 652 1204 ter·
688 1159 766 1210 oliotn
775 1161 862 1222 speciei
869 1161 938 1210 eliud
947 1162 1064 1225 cogitans
1071 1160 1147 1210 dedit
1155 1160 1219 1210 scri·

122 1233 225 1284 sibillos
236 1241 382 1298 eret‚quenr
394 1235 474 1298 ipsius
483 1233 583 1284 Consilii
593 1245 652 1296 spe·
687 1234 722 1286 bn
738 1235 811 1286 Leid.
824 1239 848 1286 1.
881 1236 975 1287 Paullo
993 1243 1054 1286 ente
1071 1236 1154 1298 nmis,
1170 1248 1219 1299 pro

124 1309 205 1360 cioss’
226 1310 270 1359 ubl
291 1311 423 1361 contrario
444 1323 533 1360 errore
552 1309 579 1358 ln
601 1323 652 1359 nno
688 1313 1075 1376 usrmmltoramuconrextu.
1103 1312 1219 1363 Videsd

125 1386 186 1438 cod.
203 1387 463 1452 estuddimprrod.
495 1386 652 1436 lilornmte·
690 1388 939 1456 Lirlinrrs.i.§8.

122 1476 186 1512 nien
198 1469 309 1526 quotuor
319 1463 437 1513 codicum
448 1463 590 1514 suotoritss
601 1475 651 1512 uon
722 1469 736 1530 ς
748 1471 764 1516 d
780 1467 822 1517 ltu
832 1481 972 1532 prerupto
980 1481 1007 1517 ee
1018 1462 1150 1527 interiisset]
1166 1465 1219 1514 ite·

123 1539 189 1589 setis
200 1539 285 1602 gravis
304 1546 345 1590 est
360 1539 392 1590 sd
408 1540 541 1603 rulgntonr
552 1545 653 1588 muten-
689 1556 733 1606 pru
744 1558 884 1608 quocunqne
895 1544 963 1593 lior.
989 1541 1171 1594 Inlinitleiocis
1182 1543 1220 1592 ite

126 1613 189 1664 duur
210 1615 333 1666 edverrnr
355 1615 510 1679 optimorum
530 1613 653 1665 librorum
690 1617 992 1684 rerisntcodd.rcripti.
1025 1617 1093 1668 Vide
1108 1619 1141 1669 ed
1159 1629 1221 1670 ut.

126 1694 313 1758 testinnonium,
335 1694 379 1759 qni
406 1701 522 1758 recepte
549 1692 653 1743 lectioni
690 1697 792 1762 5257.
820 1695 1220 1761 Elquidenslrictentoi'ocllios

126 1779 277 1822 constanter
292 1773 436 1823 edisserent.
468 1772 590 1822 ceterum
601 1771 654 1820 red-
690 1772 786 1824 loetum
807 1784 848 1825 ert
864 1777 899 1826 ob
917 1775 1110 1827 similitudinem
1128 1774 1218 1839 prlrne

125 1848 188 1898 ridie
198 1850 250 1898 uris
261 1849 334 1902 Leid.
344 1853 368 1898 1.
390 1847 432 1899 Αιι
443 1848 562 1899 libreriue
574 1848 656 1898 rolnlt
691 1851 797 1916 spilsbse
810 1853 880 1902 roris
892 1867 947 1917 seq.

125 1925 275 1988 uiridiario,
295 1926 350 1975 sire
372 1925 524 1988 nitidiores,
548 1922 655 1974 eredens
728 1926 859 1977 Victorinus
869 1943 945 1978 socrus
956 1928 1019 1978 lueri
1032 1926 1127 1977 dedices
1139 1926 1220 1977 erste-

126 2001 269 2051 rudsidiuris
284 2015 357 2067 eque
374 2001 425 2051 dici
445 2016 475 2050 ec
489 2000 655 2056 subsidiarium
691 2002 744 2066 iet]
762 2003 880 2054 Vslerius
891 2004 1020 2054 iluimus
1035 2016 1078 2053 ιιι.
1092 2008 1117 2052 2.
1127 2015 1169 2054 ex.
1178 2005 1222 2054 21.

128 2079 344 2145 quemsdmodurn
355 2080 364 2108 ⁴
374 2079 516 2130 auxilieris'
526 2087 554 2128 et
565 2081 573 2108 ⁶
583 2081 654 2130 enni·
691 2079 724 2128 de
736 2081 766 2130 Ι..
778 2080 879 2131 Sicinlo
891 2081 1014 2130 Denteto.
1036 2079 1045 2109 ‘
1057 2079 1142 2130 Quem
1160 2093 1220 2128 eeu·
1290 2093 1293 2096 ’

128 2155 234 2213 linrinr,'
251 2155 360 2206 ‘cleris'
377 2165 405 2208 et
422 2155 541 2207 ‘sterius’
563 2156 591 2207 in
607 2171 655 2207 nen
691 2157 741 2206 ties
757 2165 785 2205 et
800 2157 909 2220 vigesies
921 2158 946 2206 in
959 2157 1040 2206 sciero
1052 2154 1221 2206 descendisse

128 2234 205 2282 snut?
221 2231 346 2285 Attamen
357 2234 384 2285 id
396 2235 512 2286 vocabuli
522 2234 582 2284 slibi
594 2235 654 2284 rnlhi
692 2231 809 2294 trudunt,
820 2248 851 2282 eo
862 2233 956 2283 robore
973 2233 1050 2283 suini
1068 2241 1147 2298 etque
1162 2245 1222 2282 eor·

128 2309 366 2373 obriusnnoul'uit3
378 2327 457 2377 quere
469 2311 654 2362 librerirrtnde·
692 2309 762 2374 poris
784 2317 902 2360 utentem
925 2317 954 2358 nt
972 2309 1098 2371 mojorem
1119 2321 1223 2370 semper

127 2385 203 2435 licien
213 2401 272 2436 ruse
283 2387 332 2438 slbi
343 2388 437 2439 hebere
445 2387 536 2453 jubeo.
561 2388 654 2440 Psollo
692 2386 809 2436 victorie
829 2395 930 2452 perteus
948 2385 1057 2436 trenirse
1072 2384 1223 2435 rideretur.'

128 2465 305 2526 coreptionem
313 2464 438 2515 Antiatem
452 2465 656 2530 mellont-
693 2460 785 2511 Monet
812 2477 873 2525 ergo
901 2461 1051 2512 inconvulse
1075 2457 1222 2510 emendetio

129 2537 191 2588 dioc
203 2541 301 2590 nabent
311 2541 387 2592 Port.
398 2541 474 2592 Heri.
482 2545 506 2592 2.
518 2549 545 2592 et
557 2540 624 2592 Her.
692 2552 762 2603 rnen,
773 2554 850 2604 quens
865 2539 979 2604 prestiti
993 2541 1050 2590 loco
1061 2538 1162 2589 euidens
1172 2539 1223 2588 Fe·

163 2619 178 2683 §
191 2623 206 2669 s
219 2617 272 2668 Neo
280 2619 317 2669 ris
328 2623 421 2670 turim
430 2619 533 2669 militem
543 2618 657 2677 moscini,
693 2614 730 2668 bii
742 2623 791 2667 trs.
802 2620 826 2668 1.
842 2617 924 2669 ‘Qun
935 2616 1021 2667 ornnie
1031 2615 1128 2667 suntin
1139 2624 1222 2666 urete-

127 2694 235 2744 esrritntn
248 2695 594 2760 nemorumnemorum]
606 2696 658 2745 Nec
694 2692 740 2749 ris,
751 2701 778 2744 et
790 2694 898 2743 multum
911 2693 1022 2757 jercon
1038 2692 1170 2743 victorium
1182 2699 1221 2742 te·

122 2769 167 2831 ,ius
181 2774 274 2819 sueton
291 2770 393 2820 rnilitum
411 2771 485 2821 [reid.
499 2775 524 2821 2.
541 2772 658 2822 sollemni
694 2782 751 2817 rnen
770 2782 821 2817 non
837 2767 962 2819 trslnrnt!
994 2780 1037 2817 ιιι.
1048 2772 1089 2817 25.
1103 2767 1222 2830 Crepun-

130 2846 274 2897 rcribnrurn
292 2848 374 2911 lapsu.
405 2847 657 2915 transcuntes
694 2844 760 2894 dior·
779 2846 855 2895 Gebi·
897 2844 995 2895 Eodem
1017 2842 1141 2896 Quinctil·
1164 2843 1222 2891 ¹⁰0⁰

131 2927 173 2973 18.
186 2938 229 2973 sec
238 2924 275 2974 nir
285 2925 396 2989 militurn,
410 2929 453 2989 dc.
466 2928 507 2976 ueri
516 2930 577 2992 qood
589 2926 659 2978 Her.
694 2924 802 2981 intuor,
814 2938 861 2986 pro
872 2924 980 2979 trudunt,
990 2922 1069 2972 eliens
1081 2921 1222 2971 Bornrnnu.

131 3000 208 3063 §epe
219 3014 273 3057 son.
289 3005 330 3051 sed
348 3016 394 3065 pro
411 3002 420 3030 ‘
432 3018 482 3054 nun
494 3010 602 3061 tentum,
613 3003 658 3053 red
695 2999 722 3048 in
733 3000 804 3049 Meto
815 2996 874 3049 cod.
886 2999 1011 3049 Almelor.
1023 2997 1132 3061 reperit.

132 3075 230 3133 etienr,’
246 3078 289 3127 vel
305 3082 313 3107 ⁸
326 3093 376 3129 non
395 3086 458 3143 tem,
475 3078 571 3144 quem,'
589 3080 660 3144 poni,
730 3078 809 3133 Qum
820 3077 845 3126 l‘tl
856 3078 939 3127 lm·
952 3090 1024 3127 m
1032 3074 1162 3139 WJ'U
1170 3074 1223 3137 Ν·

131 3152 278 3203 ridebimus
295 3154 327 3204 sd
342 3168 446 3206 xxnrx.
457 3159 498 3205 28.
510 3158 524 3221 §
535 3161 561 3207 o.
594 3156 661 3207 cou-
696 3154 759 3217 mn]
778 3154 844 3203 Pell.
859 3154 911 3204 duo
929 3157 953 3205 1.
971 3168 1002 3203 se
1018 3156 1043 3202 Ι.
1059 3166 1112 3201 cros
1121 3151 1186 3201 seins
1196 3150 1224 3198 is

132 3238 176 3279 trs
196 3244 239 3280 nee
258 3230 295 3280 oie
316 3237 409 3282 trorum
429 3234 539 3289 militurn,
560 3235 602 3296 dc.
619 3234 660 3283 sed
697 3228 1068 3281 cooperimentum·
1079 3228 1223 3277 inmens·-

133 3306 207 3355 diors
217 3308 278 3370 prod
289 3306 396 3359 Geertn.
428 3309 478 3358 sed
489 3307 659 3373 singularibus
695 3320 736 3357 ιιιι.
753 3306 838 3357 Gobh.
872 3308 933 3355 Cres
948 3319 1001 3356 erres
1015 3305 1042 3354 irs
1057 3306 1224 3353 homme

133 3382 296 3433 histestilous
314 3384 438 3434 adsersus
455 3385 660 3435 eliorumunsni·
697 3384 774 3433 Voss.
801 3388 827 3433 2.
853 3382 927 3433 Leid.
961 3390 1080 3447 uterque,
1108 3379 1171 3429 ιον.
1200 3382 1223 3427 l.

134 3472 203 3509 mern
225 3474 376 3510 eonsensum
400 3459 476 3511 fidem
500 3476 550 3511 non
571 3460 661 3512 lrsbeo.
697 3459 1030 3524 (leonuettngnnsv.
1062 3458 1223 3521 Etiteprse·

134 3534 204 3584 Vide
220 3535 297 3586 ruodo
309 3536 341 3585 erl
353 3539 368 3603 ς
380 3551 457 3600 praeo.
472 3552 514 3587 neo
523 3538 560 3587 uis
570 3542 662 3589 lustror
698 3535 750 3587 t'ert
760 3538 836 3587 voss.
854 3542 878 3586 1.
891 3538 917 3586 lu
929 3550 1010 3599 msrg.
1038 3534 1168 3584 Videntur
1178 3537 1224 3583 uu'·

133 3610 354 3663 mulotrniiitnn
371 3614 471 3665 Itoni.
505 3614 663 3665 Hluceuoitu
699 3620 752 3664 tens
772 3613 872 3663 librarii
890 3613 1027 3669 indlcssse,
1047 3610 1177 3674 duplicem
1194 3622 1223 3660 se

135 3689 200 3738 Lon.
217 3693 243 3739 1.
281 3690 351 3739 Vide
371 3689 404 3739 sd
425 3702 529 3741 xxrrn.
547 3694 589 3740 21.
607 3692 622 3755 l
638 3693 663 3741 t.
698 3690 840 3743 lectionem
849 3688 1224 3755 reperissepsntstmsur-

135 3762 249 3830 Insuper
268 3766 334 3815 dudo
353 3767 483 3830 prumtis
505 3766 555 3817 elio
571 3767 663 3817 ordine
699 3780 741 3829 ιιι,
764 3773 792 3815 et
817 3780 870 3815 euru
891 3766 918 3815 ie
935 3766 1021 3813 burn
1039 3778 1120 3813 corso.
1135 3758 1225 3813 'Alibi

137 3840 211 3893 leid.
221 3846 245 3891 1.
270 3840 312 3892 Ad
323 3856 426 3894 sensum
434 3842 501 3892 Livii
512 3856 563 3894 non
574 3842 664 3895 edten·
700 3842 767 3893 enirn
783 3856 837 3892 corn
852 3848 880 3891 et
895 3856 947 3891 cers
964 3838 1115 3891 commntsri
1132 3837 1225 3888 solent·

136 3917 175 3967 dit
187 3917 337 3979 vindentur,
348 3933 425 3985 quum
444 3919 470 3969 in
486 3920 602 3983 mergine
620 3919 663 3969 ed.
699 3920 768 3969 Vide
785 3918 819 3968 sd
834 3932 873 3970 rr.
888 3922 929 3968 ts.
940 3920 955 3983 §
965 3921 989 3967 2.
1023 3916 1120 3967 Vernus
1131 3929 1225 3979 prono·

136 3992 257 4045 Curionis
277 3995 440 4047 scribendum
461 3996 664 4060 conjiceretur
699 4010 760 4047 men
777 3996 821 4045 lrio
837 3992 1122 4045 sensuruonndruittit.
1154 3990 1226 4042 Hinc

135 4070 185 4120 sios
206 4075 299 4122 tmere
319 4072 423 4123 militen
446 4072 565 4124 sumebat:
591 4073 665 4139 qussi
700 4073 754 4138 ejus
766 4074 824 4123 loro
839 4070 926 4121 dsturn
937 4078 979 4121 est
996 4066 1227 4133 cenobiolu-

135 4144 241 4197 nooelot
259 4149 300 4198 llic
316 4156 455 4213 poneretur
471 4164 518 4214 pro
530 4148 666 4215 incitabor,
700 4166 755 4202 oum
764 4166 837 4202 corrue
848 4151 874 4200 ln
887 4151 951 4201 Isou.
961 4153 986 4198 2.
994 4153 1019 4198 t.
1030 4152 1054 4199 l.
1065 4162 1117 4198 eron
1128 4146 1226 4197 etesius

137 4232 164 4273 et
184 4226 313 4288 poentio
333 4226 485 4290 eccipicndu
508 4226 578 4279 foret
602 4242 665 4278 curn
701 4229 781 4280 etlsnr
793 4224 1227 4288 commutentorlroclib.csp.tl·§

138 4300 238 4361 primos
256 4315 334 4366 qunrn
356 4310 447 4354 contre
465 4304 550 4367 eecipl
571 4302 665 4355 debent
701 4310 726 4358 2.
754 4302 1010 4363 Psulloenteirlssit
1020 4301 1228 4366 cuidemtrejec·

139 4388 200 4424 osso
211 4382 296 4441 sento,
307 4382 335 4427 et
348 4379 462 4443 meror,
470 4392 563 4442 nempe
573 4378 665 4431 Antis·
700 4382 735 4434 tis
747 4380 863 4445 rocilons,
873 4378 982 4430 Geertn.

140 4458 189 4511 tes.
211 4454 252 4505 lio
273 4462 350 4507 notet
370 4470 414 4507 cos
437 4456 611 4521 percellebetr
638 4466 668 4510 ut
736 4460 845 4523 Adrepts
860 4460 1026 4522 reparasque
1040 4470 1094 4507 oret
1107 4456 1173 4505 ”llll
1186 4466 1229 4517 l*
